% This is an auxiliary file used by the 'notes2bib' package.
% This file may safely be deleted.
% It will be recreated as required.

@misc{Note1,
  note = {Spectra resulting from inner-shell ionizations are commonly referred to as K, L, or M edges depending on which core-shell is involved in the excitation. This nomenclature is simply derived from the Barkla labeling scheme for the X-ray series, and we will routinely employ it to refer to specific spectra.},
  key = {Note1},
  keywords = {note},
  presort = {mm},
}


